
@misc{national_health_system_england_blindness_2017,
	title = {Blindness and vision loss},
	url = {https://www.nhs.uk/conditions/vision-loss/},
	abstract = {Information for people with vision loss including details of support organisations, plus advice about specialist equipment, home modifications and mobility.},
	language = {en},
	journal = {nhs.uk},
	author = {National Health System England},
	month = oct,
	year = {2017},
	note = {Accessed 2022-12-08},
	file = {Snapshot:/home/jj/Zotero/storage/8X2GKW32/vision-loss.html:text/html},
}

@misc{royal_national_institute_of_blind_people_key_nodate,
	title = {Key information and statistics on sight loss in the {UK}},
	url = {https://www.rnib.org.uk/professionals/health-social-care-education-professionals/knowledge-and-research-hub/key-information-and-statistics-on-sight-loss-in-the-uk/},
	language = {en-GB},
	year = {n.d.},
	note = {Accessed 2022-12-08},
	journal = {RNIB},
	author = {Royal National Institute of Blind People},
}

@misc{fight_for_sight_facts_nodate,
	title = {Facts about sight loss},
	url = {https://www.fightforsight.org.uk/about-the-eye/facts-about-sight-loss/},
	note = {Accessed 2022-12-08},
	author = {Fight for Sight},
	year = {n.d.},
}

@misc{royal_national_institute_of_blind_people_audio_nodate,
	title = {Audio {Labelling}},
	url = {https://shop.rnib.org.uk/braille-and-labelling/labelling/audio-labelling},
	note = {Accessed 2022-12-08},
	author = {Royal National Institute of Blind People},
	file = {Audio Labelling | RNIB:/home/jj/Zotero/storage/YWPWIHD6/audio-labelling.html:text/html},
	year = {n.d.},
}

@misc{sense_deafblindness_nodate,
	title = {Deafblindness},
	url = {https://www.sense.org.uk/information-and-advice/conditions/deafblindness/},
	abstract = {Find out everything you need to know about deafblindness: the signs, how it's diagnosed and how to manage life with multi-sensory impairment.},
	language = {en-GB},
	note = {Accessed 2022-12-08},
	journal = {Sense},
	author = {Sense},
	file = {Snapshot:/home/jj/Zotero/storage/SFIWQLFX/deafblindness.html:text/html},
	year = {n.d.},
}

@misc{deafblind_uk_what_nodate,
	title = {What is deafblindness? --- {Deafblind} {UK}},
	shorttitle = {What is deafblindness?},
	url = {https://deafblind.org.uk/get_support/what-is-deafblindness/},
	language = {en-GB},
	note = {Accessed 2022-12-08},
	author = {Deafblind UK},
	file = {Snapshot:/home/jj/Zotero/storage/E5Z2UEUR/what-is-deafblindness.html:text/html},
	year = {n.d.},
}

@misc{national_health_system_england_deafblindness_2017,
	title = {Deafblindness},
	url = {https://www.nhs.uk/conditions/deafblindness/},
	abstract = {Read about deafblindness, a condition in which a person has a combination of sight and hearing difficulties that affect their everyday activities.},
	language = {en},
	note = {Accessed 2022-12-08},
	journal = {nhs.uk},
	author = {National Health System England},
	month = oct,
	year = {2017},
	file = {Snapshot:/home/jj/Zotero/storage/N44LDFHB/deafblindness.html:text/html},
	year = {n.d.},
}

@misc{sight_scotland_who_nodate,
	title = {Who was {Louis} {Braille}?},
	url = {https://sightscotland.org.uk/articles/information-and-advice/who-was-louis-braille},
	abstract = {Learn more about Louis Braille - the creator of the braille code.},
	language = {en},
	note = {Accessed 2022-12-08},
	journal = {Sight Scotland},
	author = {Sight Scotland},
	file = {Snapshot:/home/jj/Zotero/storage/K5UBG979/who-was-louis-braille.html:text/html},
	year = {n.d.},
}

@misc{sight_scotland_what_nodate,
	title = {What is braille?},
	url = {https://sightscotland.org.uk/articles/information-and-advice/what-braille},
	abstract = {Braille is a tactile system that allows blind and partially sighted people to access literacy by reading and writing.
	Braille is read by touch, by using the pads of the fingers to feel the letters and symbols. Braille can be written in a variety of ways; using specialist equipment or specific computer software.
	Braille is available in nearly every language and is used all over the world. In Scotland, we use the Unified English Braille (UEB) code.},
	language = {en},
	note = {Accessed 2022-12-08},
	journal = {Sight Scotland},
	author = {Sight Scotland},
	file = {Snapshot:/home/jj/Zotero/storage/BBNHAXNU/what-braille.html:text/html},
	year = {n.d.},
}

@misc{royal_national_institute_of_blind_people_braille_nodate,
	title = {Braille courses for adults},
	url = {https://www.rnib.org.uk/living-with-sight-loss/education-and-learning/braille-tactile-codes/learning-braille/braille-courses-for-adults/},
	language = {en-GB},
	note = {Accessed 2022-12-08},
	journal = {RNIB},
	author = {Royal National Institute of Blind People},
	file = {Snapshot:/home/jj/Zotero/storage/V3PHXLBU/braille-courses-for-adults.html:text/html},
	year = {n.d.},
}

@misc{sense_braille_nodate,
	title = {Braille},
	url = {https://www.sense.org.uk/information-and-advice/communication/braille/},
	abstract = {Find out more about braille, including how many kinds of braille are there, how you can start to learn braille, who uses it and more.},
	language = {en-GB},
	note = {Accessed 2022-12-08},
	journal = {Sense},
	author = {Sense},
	file = {Snapshot:/home/jj/Zotero/storage/ZETYGP37/braille.html:text/html},
	year = {n.d.},
}
